<?xml version="1.0" encoding="UTF-8"?><collection xmlns="http://www.loc.gov/MARC21/slim"><record><leader>00524nam--2200145-i-4500</leader><controlfield tag="001">000043067</controlfield><controlfield tag="002">20161230</controlfield><controlfield tag="005">20161230201043</controlfield><controlfield tag="008">060222s1000------------r-----000-0-eng-d</controlfield><datafield ind1=" " ind2=" " tag="080"><subfield code="a">517.53</subfield></datafield><datafield ind1=" " ind2=" " tag="100"><subfield code="a">Stratton,J.A., P.M.Morse</subfield></datafield><datafield ind1=" " ind2=" " tag="245"><subfield code="a">Elliptic cylinder and spheroidal wave functions. including tables of separation constants and coeficients</subfield></datafield><datafield ind1=" " ind2=" " tag="260"><subfield code="a">New York, John Wiley &amp; Sons, London:Chapman &amp; Halll, 1941. Xiii + 127 P</subfield></datafield><datafield ind1=" " ind2=" " tag="490"><subfield code="a">A Publ.Of The Technology Press Massachusetts Inst.Of Technoloty</subfield></datafield><datafield ind1=" " ind2=" " tag="852"><subfield code="a">1012</subfield></datafield></record></collection>